@article{Franklin1999,

author = {Franklin Allen and Risto Karjalainen},
title = {Using genetic algorithms to find technical trading rules},
year = {1999},
volume = {51},
pages = {245-271},
journal = {Journal of Financial Economics}

}